@Manual{R-binb,
  title = {binb: 'binb' is not 'Beamer'},
  author = {Dirk Eddelbuettel and Ista Zahn and Rob Hyndman},
  year = {2019},
  note = {R package version 0.0.5},
  url = {https://CRAN.R-project.org/package=binb},
}
@Manual{R-knitr,
  title = {knitr: A General-Purpose Package for Dynamic Report Generation in R},
  author = {Yihui Xie},
  year = {2019},
  note = {R package version 1.26},
  url = {https://CRAN.R-project.org/package=knitr},
}
@Manual{R-tidyverse,
  title = {tidyverse: Easily Install and Load the 'Tidyverse'},
  author = {Hadley Wickham},
  year = {2019},
  note = {R package version 1.3.0},
  url = {https://CRAN.R-project.org/package=tidyverse},
}
@Book{knitr2015,
  title = {Dynamic Documents with {R} and knitr},
  author = {Yihui Xie},
  publisher = {Chapman and Hall/CRC},
  address = {Boca Raton, Florida},
  year = {2015},
  edition = {2nd},
  note = {ISBN 978-1498716963},
  url = {https://yihui.name/knitr/},
}
@InCollection{knitr2014,
  booktitle = {Implementing Reproducible Computational Research},
  editor = {Victoria Stodden and Friedrich Leisch and Roger D. Peng},
  title = {knitr: A Comprehensive Tool for Reproducible Research in {R}},
  author = {Yihui Xie},
  publisher = {Chapman and Hall/CRC},
  year = {2014},
  note = {ISBN 978-1466561595},
  url = {http://www.crcpress.com/product/isbn/9781466561595},
}
@Article{tidyverse2019,
  title = {Welcome to the {tidyverse}},
  author = {Hadley Wickham and Mara Averick and Jennifer Bryan and Winston Chang and Lucy D'Agostino McGowan and Romain François and Garrett Grolemund and Alex Hayes and Lionel Henry and Jim Hester and Max Kuhn and Thomas Lin Pedersen and Evan Miller and Stephan Milton Bache and Kirill Müller and Jeroen Ooms and David Robinson and Dana Paige Seidel and Vitalie Spinu and Kohske Takahashi and Davis Vaughan and Claus Wilke and Kara Woo and Hiroaki Yutani},
  year = {2019},
  journal = {Journal of Open Source Software},
  volume = {4},
  number = {43},
  pages = {1686},
  doi = {10.21105/joss.01686},
}

%% Copied from asa_article template


@incollection{Galyardt14mmm,
	Author = {April Galyardt},
	Booktitle = {Handbook of Mixed Membership Models},
	Date-Added = {2014-08-21 21:18:27 +0000},
	Date-Modified = {2014-08-21 21:18:27 +0000},
	Editor = {Edoardo M. Airoldi and David Blei and Erosheva, Elena and Fienberg, Stephen E.},
	Publisher = {Chapman and Hall},
	Title = {Interpreting Mixed Membership Models: Implications of Erosheva's Representation Theorem},
	Year = {2014}
}

%% end

@Manual{R-base,
  title = {R: A Language and Environment for Statistical Computing},
  author = {{R Core Team}},
  organization = {R Foundation for Statistical Computing},
  address = {Vienna, Austria},
  year = {2019},
  url = {https://www.R-project.org/},
}
@Manual{R-papaja,
  author = {Frederik Aust and Marius Barth},
  title = {{papaja}: {Create} {APA} manuscripts with {R Markdown}},
  year = {2018},
  note = {R package version 0.1.0.9842},
  url = {https://github.com/crsh/papaja},
}

@article{banerjee1985tissue,
  title={A tissue culture technique for rapid clonal propagation and storage under minimal growth conditions of Musa (banana and plantain)},
  author={Banerjee, Nirmalya and de Langhe, Edmond},
  journal={Plant cell reports},
  volume={4},
  number={6},
  pages={351--354},
  year={1985},
  publisher={Springer}
}

@article{strosse2004banana,
  title={Banana cell and tissue culture-review},
  author={Strosse, Hannelore and Van den Houwe, I and Panis, B},
  journal={Banana Improvement: Cellular, Molecular Biology, and Induced Mutations, Science Publishers, Inc., Enfield, NH, USA},
  pages={1--12},
  year={2004}
}

@article{wong1986vitro,
  title={In vitro propagation of banana (Musa spp.): initiation, proliferation and development of shoot-tip cultures on defined media},
  author={Wong, WC},
  journal={Plant cell, tissue and organ culture},
  volume={6},
  number={2},
  pages={159--166},
  year={1986},
  publisher={Springer}
}

@article{jones1988production,
  title={The production of strawberry plants from callus cultures},
  author={Jones, OP and Waller, Barbara J and Beech, MG},
  journal={Plant cell, tissue and organ culture},
  volume={12},
  number={3},
  pages={235--241},
  year={1988},
  publisher={Springer}
}

@article{passey2003adventitious,
  title={Adventitious shoot regeneration from seven commercial strawberry cultivars (Fragaria$\times$ ananassa Duch.) using a range of explant types},
  author={Passey, A and Barrett, K and James, D},
  journal={Plant cell reports},
  volume={21},
  number={5},
  pages={397--401},
  year={2003},
  publisher={Springer}
}

@incollection{george2008components,
  title={The components of plant tissue culture media I: macro-and micro-nutrients},
  author={George, Edwin F and Hall, Michael A and De Klerk, Geert-Jan},
  booktitle={Plant propagation by tissue culture},
  pages={65--113},
  year={2008},
  publisher={Springer}
}

@article{lane1978regeneration,
  title={Regeneration of apple plants from shoot meristem-tips},
  author={Lane, W David},
  journal={Plant Science Letters},
  volume={13},
  number={3},
  pages={281--285},
  year={1978},
  publisher={Elsevier}
}

@article{roca1978tissue,
  title={A tissue culture method for the rapid propagation of potatoes},
  author={Roca, William M and Espinoza, NO and Roca, MR and Bryan, JE},
  journal={American potato journal},
  volume={55},
  number={12},
  pages={691--701},
  year={1978},
  publisher={Springer}
}

@inproceedings{bitters1972investigations,
  title={Investigations on establishing virus-free citrus plants through tissue culture},
  author={Bitters, WP and Murashigi, T and Rangan, TS and Nauer, EM},
  booktitle={International Organization of Citrus Virologists Conference Proceedings (1957-2010)},
  volume={5},
  number={5},
  year={1972}
}

@article{bhat1992regeneration,
  title={Regeneration of plants from long-term root culture of lime, Citrus aurantifolia (Christm.) Swing.},
  author={Bhat, SR and Chitralekha, P and Chandel, KPS},
  journal={Plant cell, tissue and organ culture},
  volume={29},
  number={1},
  pages={19--25},
  year={1992},
  publisher={Springer}
}

@incollection{george2008plant,
  title={Plant tissue culture procedure-background},
  author={George, Edwin F and Hall, Michael A and De Klerk, Geert-Jan},
  booktitle={Plant propagation by tissue culture},
  pages={1--28},
  year={2008},
  publisher={Springer}
}
